@inproceedings{gsfd,
  title={{A gossip-style failure detection service}},
  author={{Van Renesse, Robbert and Minsky, Yaron and Hayden, Mark}},
	booktitle = {{IFIP International Conference on Distributed Systems Platforms and Open Distributed Processing}},
	year = {1998},
	month = {September},
	address = {The Lake District, United Kingdom}
}
